@BOOK{datamining,
  AUTHOR = "J. Han and M. Kamber and J. Pei",
  TITLE = "Data Mining: Concepts and Techniques, Third Edition",
  PUBLISHER = "Morgan Kaufmann Publishers Inc.",
  YEAR = "2011"
}
@ARTICLE{rasmus,
  AUTHOR = "R. Pagh et al",
  TITLE = "Association Rule Disambiguation via Maximum Entropy",
  PUBLISHER = "Unpublished",
  YEAR = "2014"
}